<record><leader>00000cas a2200000 a 4500</leader><controlfield tag="001">276449254</controlfield><controlfield tag="008">081126u1969uuuunyuuu n       0    0eng c</controlfield><datafield ind1=" " ind2=" " tag="010"><subfield code="a">  2008257328</subfield></datafield><datafield ind1=" " ind2=" " tag="040"><subfield code="a">INU</subfield><subfield code="b">eng</subfield><subfield code="c">INU</subfield><subfield code="d">OCLCQ</subfield><subfield code="d">OCLCF</subfield></datafield><datafield ind1=" " ind2=" " tag="042"><subfield code="a">pcc</subfield></datafield><datafield ind1=" " ind2=" " tag="043"><subfield code="a">n-us-ny</subfield></datafield><datafield ind1="0" ind2=" " tag="130"><subfield code="a">Salt of the earth (Staten Island, New York, N.Y.)</subfield></datafield><datafield ind1="1" ind2="0" tag="245"><subfield code="a">Salt of the earth.</subfield></datafield><datafield ind1=" " ind2=" " tag="260"><subfield code="a">Staten Island, N.Y. :</subfield><subfield code="b">Staten Island Community College</subfield></datafield><datafield ind1=" " ind2=" " tag="300"><subfield code="a">v. :</subfield><subfield code="b">ill. ;</subfield><subfield code="c">41 cm.</subfield></datafield><datafield ind1="1" ind2=" " tag="362"><subfield code="a">Began in 1969?</subfield></datafield><datafield ind1=" " ind2=" " tag="588"><subfield code="a">Description based on: Vol. 3, no. 3 (Feb. 1971); title from caption.</subfield></datafield><datafield ind1=" " ind2=" " tag="588"><subfield code="a">Latest issue consulted: Vol. 3, no. 3 (Feb. 1971).</subfield></datafield><datafield ind1=" " ind2="0" tag="650"><subfield code="a">Underground press publications</subfield><subfield code="z">New York (State)</subfield><subfield code="z">New York</subfield><subfield code="v">Periodicals.</subfield></datafield><datafield ind1=" " ind2="7" tag="655"><subfield code="a">Periodicals.</subfield><subfield code="2">fast</subfield><subfield code="0">(OCoLC)fst01411641</subfield></datafield><datafield ind1=" " ind2="7" tag="650"><subfield code="a">Underground press publications.</subfield><subfield code="2">fast</subfield><subfield code="0">(OCoLC)fst01160984</subfield></datafield><datafield ind1=" " ind2="7" tag="651"><subfield code="a">New York (State)</subfield><subfield code="z">New York.</subfield><subfield code="2">fast</subfield><subfield code="0">(OCoLC)fst01204333</subfield></datafield><datafield ind1="2" ind2=" " tag="710"><subfield code="a">Staten Island Community College.</subfield></datafield></record>